@misc{mao15,
  author = {Minnie Mao},
  title = {{Very Long Baseline Interferometry: Tutorial 6 at ERIS 2015}},
  howpublished = "\url{http://www.jive.eu/~mao/ERIS2015/T6.html}",
  year = {2015}, 
  note = "[Online; accessed 10-November-2015]"
}

@incollection{diamond95,
  author      = "P.J. Diamond",
  title       = "Chapter 12: {VLBI} Data Reduction in Practice",
  crossref    = {asp},
}

@incollection{cotton95,
  author = "W.D. Cotton",
  title =  {Chapter 10: Fringe-Fitting},
  crossref = {asp},
}  

@proceedings{asp,
  editor      = "J.A. Zensus and P.J. Diamond and P.J. Napier",
  title   = "Very Long Baseline Interferometry and the VLBA",
  series      = "ASP Conference Series",
  volume      = "82",
  year        = 1995,
}

@misc{fish15,
  author = "Vincent L. Fish",
  title = "EHT/HOPS Tutorial at mmVLBI Data Processing Workshop, 8-11 June 2015, Lorenz Centre, Leiden",
  howpublished = "\url{http://www.jive.nl/mm-vlbi2015/Documents/Fish_tutorial.pdf}",
  year = {2015}
}

@misc{aipsc,
  title="Appendix C: Details of {AIPS} Files",
  howpublished = "\url{ftp://ftp.aoc.nrao.edu/pub/software/aips/TEXT/PUBL/CHAPC.PS}"

@article{schwab83,
    author = {{Schwab}, F. R. and {Cotton}, W. D.},
    journal = {The Astronomical Journal},
    month = may,
    pages = {688--694},
    title = {Global fringe search techniques for {VLBI}},
    url = {http://dx.doi.org/10.1086/113360},
    volume = {88},
    year = {1983}
}

@ARTICLE{petrov11,
   author = {{Petrov}, L. and {Kovalev}, Y.~Y. and {Fomalont}, E.~B. and 
	{Gordon}, D.},
    title = "{The Very Long Baseline Array Galactic Plane Survey{---}VGaPS}",
  journal = {The Astronomical Journal},
archivePrefix = "arXiv",
   eprint = {1101.1460},
 keywords = {astrometry, catalogs, surveys},
     year = 2011,
    month = aug,
   volume = 142,
      eid = {35},
    pages = {35},
      doi = {10.1088/0004-6256/142/2/35},
   adsurl = {http://adsabs.harvard.edu/abs/2011AJ....142...35P},
  adsnote = {Provided by the SAO/NASA Astrophysics Data System}
}


